<record><leader>00000cas a2200000 i 4500</leader><controlfield tag="001">850968499</controlfield><controlfield tag="006">m     o  d        </controlfield><controlfield tag="007">cr |||||||||||</controlfield><controlfield tag="008">130626d18901901nmuwr ne      0   a0eng  </controlfield><datafield ind1=" " ind2=" " tag="010"><subfield code="a">  2013218833</subfield></datafield><datafield ind1=" " ind2=" " tag="040"><subfield code="a">DLC</subfield><subfield code="b">eng</subfield><subfield code="e">rda</subfield><subfield code="c">DLC</subfield><subfield code="d">OCLCF</subfield></datafield><datafield ind1="0" ind2=" " tag="022"><subfield code="a">2329-7654</subfield><subfield code="2">1</subfield></datafield><datafield ind1=" " ind2=" " tag="042"><subfield code="a">pcc</subfield><subfield code="a">nsdp</subfield></datafield><datafield ind1=" " ind2=" " tag="043"><subfield code="a">n-us-nm</subfield></datafield><datafield ind1="1" ind2="0" tag="050"><subfield code="a">ISSN RECORD</subfield></datafield><datafield ind1="0" ind2="0" tag="082"><subfield code="a">071</subfield><subfield code="2">23</subfield></datafield><datafield ind1="0" ind2=" " tag="130"><subfield code="a">Chieftain (Socorro, N.M. : Online)</subfield></datafield><datafield ind1=" " ind2="4" tag="222"><subfield code="a">The chieftain</subfield><subfield code="b">(Socorro, N.M. Online)</subfield></datafield><datafield ind1="1" ind2="4" tag="245"><subfield code="a">The chieftain.</subfield></datafield><datafield ind1=" " ind2="1" tag="264"><subfield code="a">Socorro, New Mexico :</subfield><subfield code="b">Chieftain Publishing Co.</subfield></datafield><datafield ind1=" " ind2=" " tag="310"><subfield code="a">Weekly</subfield></datafield><datafield ind1=" " ind2=" " tag="336"><subfield code="a">text</subfield><subfield code="2">rdacontent</subfield></datafield><datafield ind1=" " ind2=" " tag="337"><subfield code="a">computer</subfield><subfield code="2">rdamedia</subfield></datafield><datafield ind1=" " ind2=" " tag="338"><subfield code="a">online reosource</subfield><subfield code="2">rdacarrier</subfield></datafield><datafield ind1="1" ind2=" " tag="362"><subfield code="a">Began in 1890; ceased with vol. 19, no. 50 (December 28, 1901).</subfield></datafield><datafield ind1=" " ind2=" " tag="500"><subfield code="a">Microfilm published by BMI Imaging Systems; issued in series: Chicano serials collection.</subfield></datafield><datafield ind1=" " ind2=" " tag="500"><subfield code="a">Filmed with other titles.</subfield></datafield><datafield ind1=" " ind2=" " tag="588"><subfield code="a">Description based on: Vol. 9, no. 35 (November 27, 1891); title from masthead (Chroniclingamerica.loc.gov, viewed June 26, 2013).</subfield></datafield><datafield ind1=" " ind2=" " tag="588"><subfield code="a">Latest issue consulted: Vol. 19, no. 50 (December 28, 1901) (Chroniclingamerica.loc.gov, viewed June 26, 2013).</subfield></datafield><datafield ind1=" " ind2="0" tag="651"><subfield code="a">Socorro (N.M.)</subfield><subfield code="v">Newspapers.</subfield></datafield><datafield ind1=" " ind2="0" tag="651"><subfield code="a">Socorro County (N.M.)</subfield><subfield code="v">Newspapers.</subfield></datafield><datafield ind1=" " ind2="7" tag="655"><subfield code="a">Newspapers.</subfield><subfield code="2">fast</subfield><subfield code="0">(OCoLC)fst01423814</subfield></datafield><datafield ind1=" " ind2="7" tag="651"><subfield code="a">New Mexico</subfield><subfield code="z">Socorro.</subfield><subfield code="2">fast</subfield><subfield code="0">(OCoLC)fst01209291</subfield></datafield><datafield ind1=" " ind2="7" tag="651"><subfield code="a">New Mexico</subfield><subfield code="z">Socorro County.</subfield><subfield code="2">fast</subfield><subfield code="0">(OCoLC)fst01218291</subfield></datafield><datafield ind1=" " ind2=" " tag="752"><subfield code="a">United States</subfield><subfield code="b">New Mexico</subfield><subfield code="c">Socorro</subfield><subfield code="d">Socorro.</subfield></datafield><datafield ind1="0" ind2="8" tag="776"><subfield code="i">Originally issued in print:</subfield><subfield code="t">Chieftain (Socorro, N.M.)</subfield><subfield code="x">2329-7646</subfield><subfield code="w">(DLC)sn 92070454</subfield><subfield code="w">(OCoLC)26156574</subfield></datafield><datafield ind1="0" ind2="0" tag="780"><subfield code="t">Socorro chieftain (Socorro, N.M. : 1884 : Online)</subfield></datafield><datafield ind1="0" ind2="0" tag="785"><subfield code="t">Socorro chieftain (Socorro, N.M. : 1902 : Online)</subfield></datafield><datafield ind1=" " ind2="0" tag="830"><subfield code="a">Chicano serials collection.</subfield></datafield><datafield ind1="4" ind2="0" tag="856"><subfield code="u">http://chroniclingamerica.loc.gov/lccn/sn92070454/issues</subfield></datafield></record>